@Book{BM75,
  author = 	 {A. Bohr and B.~R. Mottelson},
  title = 	 {Nuclear Structure, Vol. II},
  publisher = 	 {W. A. Benjamin},
  address = 	 {New York},
  year = 	 {1975},
  series = 	 {},
}
@Book{RS80,
  author = 	 {P. Ring and P. Schuck},
  title = 	 {The nuclear many-body problems},
  publisher = 	 {Springer-Verlag},
  address = 	 {New York},
  year = 	 {1980},
  series = 	 {Texts and monographs in physics},
}
@Book{BB05,
  author =       {Brink, D.M. and Broglia, R. A.},
  title =        {Nuclear Superfluidity, Pairing in Finite Systems},
  publisher =    {Cambridge University Press},
  address =      {Cambridge},
  year =         {2005},
}
@Article{BHR03,
  author = 	 {M. Bender and P.~H. Heenen and P.-G. Reinhard},
  title = 	 {Self-consistent mean-field models for nuclear structure},
  journal = 	 {Rev. Mod. Phys.},
  year = 	 {2003},
  volume = 	 {75},
  pages = 	 {121-180},
}
@Book{BR86,
  author = 	 {J.-P. Blaizot and G. Ripka},
  title = 	 {Quantum Theory of Finite Systems},
  publisher = 	 {MIT Press},
  address = 	 {Cambridge},
  year = 	 {1986},
  series = 	 {},
}
@Book{LL65,
  author = 	 {L. D. Landau and E. M. Lifshitz},
  title = 	 {Quantum Mechanics},
  publisher = 	 {Pergamon Press},
  address = 	 {Oxford},
  year = 	 {1965},
  series = 	 {A Course of Theoretical Physics},
}
@article{NMMY16,
  title = {Time-dependent density-functional description of nuclear dynamics},
  author = {Nakatsukasa, Takashi and Matsuyanagi, Kenichi and Matsuo, Masayuki and Yabana, Kazuhiro},
  journal = {Rev. Mod. Phys.},
  volume = {88},
  issue = {4},
  pages = {045004},
  numpages = {53},
  year = {2016},
  month = {Nov},
  publisher = {American Physical Society},
  doi = {10.1103/RevModPhys.88.045004},
  url = {http://link.aps.org/doi/10.1103/RevModPhys.88.045004}
}
@article{HW11,
  title = {Shape coexistence in atomic nuclei},
  author = {Heyde, Kris and Wood, John L.},
  journal = {Rev. Mod. Phys.},
  volume = {83},
  issue = {4},
  pages = {1467--1521},
  year = {2011},
  month = {Nov},
  doi = {10.1103/RevModPhys.83.1467},
  url = {http://link.aps.org/doi/10.1103/RevModPhys.83.1467},
  publisher = {American Physical Society}
}
@article{BBPK70,
title = "Collective treatment of the pairing Hamiltonian",
journal = "Nuclear Physics A",
volume = "143",
number = "1",
pages = "1 - 33",
year = "1970",
note = "",
issn = "0375-9474",
doi = "http://dx.doi.org/10.1016/0375-9474(70)90677-9",
url = "http://www.sciencedirect.com/science/article/pii/0375947470906779",
author = "D.R. B\`es and R.A. Broglia and R.P.J. Perazzo and K. Kumar"
}
@article{SM88,
author = {Suzuki, Toru and Mizobuchi, Yutaka},
title = {Semiclassical Description of Bound State Wave Functions for Integrable Systems? R(4) Model ?},
journal = {Progress of Theoretical Physics},
volume = {79},
number = {2},
pages = {480-492},
year = {1988},
doi = {10.1143/PTP.79.480},
URL = { + http://dx.doi.org/10.1143/PTP.79.480},
eprint = {/oup/backfile/content_public/journal/ptp/79/2/10.1143/ptp.79.480/2/79-2-480.pdf}
}
@article{HF60,
title = "A study of some approximations of the pairing force",
journal = "Nuclear Physics",
volume = "28",
number = "2",
pages = "258 - 269",
year = "1961",
note = "",
issn = "0029-5582",
doi = "http://dx.doi.org/10.1016/0029-5582(61)90050-5",
url = "http://www.sciencedirect.com/science/article/pii/0029558261900505",
author = "J. H?gaasen-Feldman",

}

@article{garrett,
author = "P. E. Garrett",
title = "Characterization of the $\beta$ vibration and $0_2^+$ states in deformed nuclei",
journal = "J. Phys. G",
year = "2001",
volume = "27",
pages = "R1"
}

@article{KS80,
author = "H. Kuratsuji and T. Suzuki",
title = "Path integral approach to many-nucleon systems and time-dependent Hartree-Fock",
journal = "Phys. Lett. B",
year = "1980",
volume = "92",
pages = "19"
}

@article{
K81,
author = "H. Kuratsuji",
title = "A Path Integral Formalism of Collective Motion",
journal = "Prog. Theor. Phys.",
year = "1981",
volume = "65",
pages = "224"
}

@article{
diabatic1,
author = "T. Nakatsukasa and N. R. Walet",
title = "Diabatic and adiabatic collective motion in a model pairing system",
journal = "Phys. Rev. C",
year = "1997",
volume = "57",
pages = "1192"
}

@article{
diabatic2,
author = "R. Bengtsson and W. Nazarewicz",
title = "Shape Coexistence in the Neutron Deficient Pb Isotopes and the Configuration-
Constrained Shell Correction Approach",
journal = "Z. Phys. A",
year = "1989",
volume = "334",
pages = "269"
}

@book{
bm,
author = "A. Bohr and B. R. Mottelson",
title = "Nuclear Structure, Vol.1: Single-Particle Motion",
publisher = "W. A. Benjamin",
year = "1969",
}

@article{
first,
author = "D. R. Bes and R. A. Broglia and R. P. J. Perazzo and K. Kumar",
title = "Collective treatment of the pairing Hamiltonian",
journal = "Nucl. Phys. A",
year = "1970",
volume = "43",
pages = "1"
}

@article{
delta1,
author = "A. Gozdz and K. Pomorski and M.Brack and E. Werner",
title = "Collective pairing Hamiltonian in the GCM Approximation",
journal = "Nucl. Phys. A",
year = "1985",
volume = "442",
pages = "50"
}

@article{
delta2,
author = "K. Zajac and L. Prochniak and K. Pomorski S. G. Rohozinski and J. Srebrny",
title = "The low-lying quadrupole collective excitations of Ru and Pd isotopes",
journal = "Nucl. Phys. A",
year = "1999",
volume = "653",
pages = "71"
}

@article{
delta3,
author = "K. Pomorski",
title = "Pairing as a collective mode",
journal = "Int. J. Mod. Phys. E.",
year = "2007",
volume = "16",
pages = "237"
}

@article{
scc,
author = "T. Marumori and T. Maskawa and F. Sakata and A. Kuriyama",
title = "Self-Consistent Collective-Coordinate Method for 
the Large-Amplitude Nuclear Collective Motion",
journal = "Prog. Theor. Phys.",
year = "1980",
volume = "64",
pages = "1294"
}

@article{
ascc,
author = "M. Matsuo and T. Nakatsukasa and K. Matsuyanagi",
title = "Adiabatic Selfconsistent Collective Coordinate Method 
for Large Amplitude Collective Motion in Pairing Correlations",
journal = "Prog. Theor. Phys.",
year = "2000",
volume = "103",
pages = "959"
}

@article{
basic,
author = "T. Nakatsukasa",
title = "Density functional approaches to collective phenomena in nuclei: 
Time-dependent density functional theory for perturbative and non-perturbative nuclear dynamics",
journal = "Prog. Theor. Exp. Phys.",
year = "2012",
volume = "01A207"
}

@article{
Richardson,
author = "R. W. Richardson",
title = "A restricted class of exact eigenstates of the pairing-force Hamiltonian",
journal = "Phys. Lett.",
year = "1963",
volume = "3",
pages = "277"
}

@article{
Richardson2,
author = "R. W. Richardson and N. Sherman",
title = "Exact eigenstates of the pairing-force Hamiltonian",
journal = "Nucl. Phys.",
year = "1964",
volume = "52",
pages = "221"
}

@article{
Richardson3,
author = "R. W. Richardson and N. Sherman",
title = "Pairing model of Pb$^{206}$, Pb$^{204}$ and Pb$^{202}$",
journal = "Nucl. Phys.",
year = "1964",
volume = "52",
pages = "353"
}

@article{
aaa,
author = "Nobuo Hinohara and Takashi Nakatsukasa and Masayuki Matsuo and Kenichi Matsuyanagi",
title = "Gauge-Invariant Formulation of the Adiabatic Self-Consistent Collective Coordinate Method",
journal = "Prog. Theor. Phys.",
year = "2007",
volume = "117",
number = "3"
}

@article{
Se,
author = "Nobuo Hinohara and Takashi Nakatsukasa and Masayuki Matsuo and Kenichi Matsuyanagi",
title = "Microscopic Derivation of Collective Hamiltonian by Means of the
Adiabatic Self-Consistent Collective Coordinate Method",
journal = "Prog. Theor. Phys.",
year = "2008",
volume = "119",
number = "59"
}

@article{
Be,
author = "Kai Wen and Takashi Nakatsukasa",
title = "Self-consistent collective coordinate for reaction path and inertial mass",
journal = "Phys. Rev. C",
year = "2016",
volume = "94",
page = "054618"
}

@article{Neg82,
  title = {The mean-field theory of nuclear structure and dynamics},
  author = {Negele, J. W.},
  journal = {Rev. Mod. Phys.},
  volume = {54},
  issue = {4},
  pages = {913--1015},
  numpages = {0},
  year = {1982},
  month = {Oct},
  publisher = {American Physical Society},
  doi = {10.1103/RevModPhys.54.913},
  url = {https://link.aps.org/doi/10.1103/RevModPhys.54.913}
}

@article{Rei80,
title = "Semiclassical theory of large amplitude collective excitations",
journal = "Nuclear Physics A",
volume = "346",
number = "1",
pages = "1 - 69",
year = "1980",
note = "",
issn = "0375-9474",
doi = "http://dx.doi.org/10.1016/0375-9474(80)90488-1",
url = "http://www.sciencedirect.com/science/article/pii/0375947480904881",
author = "H. Reinhardt"
}

@article{CDS84,
title = "Time-dependent Hartree-Fock-Bogoliubov description of the pairing interaction",
journal = "Nuclear Physics A",
volume = "415",
number = "1",
pages = "70 - 92",
year = "1984",
issn = "0375-9474",
doi = "https://doi.org/10.1016/0375-9474(84)90600-6",
url = "http://www.sciencedirect.com/science/article/pii/0375947484906006",
author = "M.C. Cambiaggio and G.G. Dussel and M. Saraceno"
}
