%% Book--------------------------------
@book{BM69,
author = "A. Bohr and B. R. Mottelson",
title = "Nuclear Structure, Vol.1: Single-Particle Motion",
publisher = "W. A. Benjamin",
year = "1969",
}
@Book{BM75,
  author = 	 {A. Bohr and B.~R. Mottelson},
  title = 	 {Nuclear Structure, Vol. II},
  publisher = 	 {W. A. Benjamin},
  address = 	 {New York},
  year = 	 {1975},
  series = 	 {},
}
@Book{RS80,
  author = 	 {P. Ring and P. Schuck},
  title = 	 {The nuclear many-body problems},
  publisher = 	 {Springer-Verlag},
  address = 	 {New York},
  year = 	 {1980},
  series = 	 {Texts and monographs in physics},
}
@Book{BB05,
  author =       {Brink, D.M. and Broglia, R. A.},
  title =        {Nuclear Superfluidity, Pairing in Finite Systems},
  publisher =    {Cambridge University Press},
  address =      {Cambridge},
  year =         {2005},
}
@Book{BR86,
  author = 	 {J.-P. Blaizot and G. Ripka},
  title = 	 {Quantum Theory of Finite Systems},
  publisher = 	 {MIT Press},
  address = 	 {Cambridge},
  year = 	 {1986},
  series = 	 {},
}
@Book{LL65,
  author = 	 {L. D. Landau and E. M. Lifshitz},
  title = 	 {Quantum Mechanics},
  publisher = 	 {Pergamon Press},
  address = 	 {Oxford},
  year = 	 {1965},
  series = 	 {A Course of Theoretical Physics},
}

%% Review paper------------------------------
@article{Neg82,
  title = {The mean-field theory of nuclear structure and dynamics},
  author = {Negele, J. W.},
  journal = {Rev. Mod. Phys.},
  volume = {54},
  issue = {4},
  pages = {913--1015},
  numpages = {0},
  year = {1982},
  month = {Oct},
  publisher = {American Physical Society},
  doi = {10.1103/RevModPhys.54.913},
  url = {https://link.aps.org/doi/10.1103/RevModPhys.54.913}
}
@Article{BHR03,
  author = 	 {M. Bender and P.~H. Heenen and P.-G. Reinhard},
  title = 	 {Self-consistent mean-field models for nuclear structure},
  journal = 	 {Rev. Mod. Phys.},
  year = 	 {2003},
  volume = 	 {75},
  pages = 	 {121-180},
  url = {https://doi.org/10.1103/RevModPhys.75.121}
}
@article{NMMY16,
  title = {Time-dependent density-functional description of nuclear dynamics},
  author = {Nakatsukasa, Takashi and Matsuyanagi, Kenichi and Matsuo, Masayuki and Yabana, Kazuhiro},
  journal = {Rev. Mod. Phys.},
  volume = {88},
  issue = {4},
  pages = {045004},
  numpages = {53},
  year = {2016},
  month = {Nov},
  publisher = {American Physical Society},
  doi = {10.1103/RevModPhys.88.045004},
  url = {http://link.aps.org/doi/10.1103/RevModPhys.88.045004}
}
@article{HW11,
  title = {Shape coexistence in atomic nuclei},
  author = {Heyde, Kris and Wood, John L.},
  journal = {Rev. Mod. Phys.},
  volume = {83},
  issue = {4},
  pages = {1467--1521},
  year = {2011},
  month = {Nov},
  doi = {10.1103/RevModPhys.83.1467},
  url = {http://link.aps.org/doi/10.1103/RevModPhys.83.1467},
  publisher = {American Physical Society}
}

@article{G01,
author = "P. E. Garrett",
title = "Characterization of the $\beta$ vibration and $0_2^+$ states in deformed nuclei",
journal = "J. Phys. G",
year = "2001",
volume = "27",
pages = "R1",
url = "https://doi.org/10.1088/0954-3899/27/1/201"
}

@article{
N2012,
author = "T. Nakatsukasa",
title = "Density functional approaches to collective phenomena in nuclei: 
Time-dependent density functional theory for perturbative and non-perturbative nuclear dynamics",
journal = "Prog. Theor. Exp. Phys.",
year = "2012",
volume = "01A207"
}

%% Path integral -------------------------
@article{L80,
author = "S. Levit",
title = "Time-dependent mean-field approximation for nuclear dynamical problems",
journal = "Phys. Rev. C",
year = "1980",
volume = "21",
pages = "1594"
}

@article{LNP80,
author = "S. Levit and J. W. Negele and Z. Paltiel",
title = "Time-dependent mean-field theory and quantized bound states",
journal = "Phys. Rev. C",
year = "1980",
volume = "21",
pages = "1603"
}

@article{Rei80,
title = "Semiclassical theory of large amplitude collective excitations",
journal = "Nucl. Phys. A",
volume = "346",
number = "1",
pages = "1 - 69",
year = "1980",
note = "",
issn = "0375-9474",
doi = "http://dx.doi.org/10.1016/0375-9474(80)90488-1",
url = "http://www.sciencedirect.com/science/article/pii/0375947480904881",
author = "H. Reinhardt"
}

@article{KS80,
author = "H. Kuratsuji and T. Suzuki",
title = "Path integral approach to many-nucleon systems and time-dependent Hartree-Fock",
journal = "Phys. Lett. B",
year = "1980",
volume = "92",
pages = "19"
}

@article{
K81,
author = "H. Kuratsuji",
title = "A Path Integral Formalism of Collective Motion",
journal = "Prog. Theor. Phys.",
year = "1981",
volume = "65",
pages = "224"
}
@article{SM88,
author = {Suzuki, Toru and Mizobuchi, Yutaka},
title = {Semiclassical Description of Bound State Wave Functions for Integrable Systems? R(4) Model ?},
journal = {Prog. Theor. Phys,},
volume = {79},
number = {2},
pages = {480-492},
year = {1988},
doi = {10.1143/PTP.79.480},
URL = { + http://dx.doi.org/10.1143/PTP.79.480}
}

%% Pairing dynamics ---------------------------
@article{BBPK70,
title = "Collective treatment of the pairing Hamiltonian",
journal = "Nucl. Phys. A",
volume = "143",
number = "1",
pages = "1 - 33",
year = "1970",
note = "",
issn = "0375-9474",
doi = "http://dx.doi.org/10.1016/0375-9474(70)90677-9",
url = "http://www.sciencedirect.com/science/article/pii/0375947470906779",
author = "D.R. B\`es and R.A. Broglia and R.P.J. Perazzo and K. Kumar"
}

@article{
GPBW85,
author = "A. G\'{o}\'{z}d\'{z} and K. Pomorski and M. Brack and E. Werner",
title = "Collective pairing Hamiltonian in the GCM Approximation",
journal = "Nucl. Phys. A",
year = "1985",
volume = "442",
pages = "50",
}

@article{
ZPPRS99,
author = "K. Zajac and L. Prochniak and K. Pomorski and S. G. Rohozinski and J. Srebrny",
title = "The low-lying quadrupole collective excitations of Ru and Pd isotopes",
journal = "Nucl. Phys. A",
year = "1999",
volume = "653",
pages = "71",
}

@article{
P07,
author = "K. Pomorski",
title = "Pairing as a collective mode",
journal = "Int. J. Mod. Phys. E.",
year = "2007",
volume = "16",
pages = "237",
}


%% SCC---------------------------------------
@article{
MMSK80,
author = "T. Marumori and T. Maskawa and F. Sakata and A. Kuriyama",
title = "Self-Consistent Collective-Coordinate Method for 
the Large-Amplitude Nuclear Collective Motion",
journal = "Prog. Theor. Phys.",
year = "1980",
volume = "64",
pages = "1294"
}

@article{NW97,
author = "T. Nakatsukasa and N. R. Walet",
title = "Diabatic and adiabatic collective motion in a model pairing system",
journal = "Phys. Rev. C",
year = "1997",
volume = "57",
pages = "1192"
}

@article{
MNM00,
author = "M. Matsuo and T. Nakatsukasa and K. Matsuyanagi",
title = "Adiabatic Selfconsistent Collective Coordinate Method 
for Large Amplitude Collective Motion in Pairing Correlations",
journal = "Prog. Theor. Phys.",
year = "2000",
volume = "103",
pages = "959"
}

@article{
KNMM05,
author = "Kobayasi, Masato and Nakatsukasa, Takashi and Matsuo, Masayuki and Matsuyanagi, Kenichi",
title = "Collective Paths Connecting the Oblate and Prolate Shapes in 68Se and 72Kr Suggested by the Adiabatic Self-Consistent Collective Coordinate Method ",
journal = "Prog. Theor. Phys.",
year = "2005",
volume = "113",
number = "3",
pages = "129"
}

@article{
HNMM07,
author = "Hinohara, Nobuo and Nakatsukasa, Takashi and Matsuo, Masayuki and Matsuyanagi, Kenichi",
title = "Gauge-Invariant Formulation of the Adiabatic Self-Consistent Collective Coordinate Method",
journal = "Prog. Theor. Phys.",
year = "2007",
volume = "117",
number = "3",
pages = "451"
}

@article{
HNMM08,
author = "Hinohara, Nobuo and Nakatsukasa, Takashi and Matsuo, Masayuki and Matsuyanagi, Kenichi",
title = "Microscopic Derivation of Collective Hamiltonian by Means of the
Adiabatic Self-Consistent Collective Coordinate Method",
journal = "Prog. Theor. Phys.",
year = "2008",
volume = "119",
number = "59"
}

@article{
WN16,
author = "Wen, Kai and Nakatsukasa, Takashi ",
title = "Self-consistent collective coordinate for reaction path and inertial mass",
journal = "Phys. Rev. C",
year = "2016",
volume = "94",
page = "054618",
url = "https://doi.org/10.1103/PhysRevC.94.054618"
}

%% Richardson equation---------------------
@article{
Richardson,
author = "R. W. Richardson",
title = "A restricted class of exact eigenstates of the pairing-force Hamiltonian",
journal = "Phys. Lett.",
year = "1963",
volume = "3",
pages = "277"
}

@article{
Richardson2,
author = "R. W. Richardson and N. Sherman",
title = "Exact eigenstates of the pairing-force Hamiltonian",
journal = "Nucl. Phys.",
year = "1964",
volume = "52",
pages = "221"
}

@article{
Richardson3,
author = "R. W. Richardson and N. Sherman",
title = "Pairing model of Pb$^{206}$, Pb$^{204}$ and Pb$^{202}$",
journal = "Nucl. Phys.",
year = "1964",
volume = "52",
pages = "353"
}

@article{HF60,
title = "A study of some approximations of the pairing force",
journal = "Nucl. Phys.",
volume = "28",
number = "2",
pages = "258 - 269",
year = "1961",
note = "",
issn = "0029-5582",
doi = "http://dx.doi.org/10.1016/0029-5582(61)90050-5",
url = "http://www.sciencedirect.com/science/article/pii/0029558261900505",
author = "J. H{\"o}gaasen-Feldman",
}

%% level crossing -------------------------
@article{
diabatic2,
author = "R. Bengtsson and W. Nazarewicz",
title = "Shape Coexistence in the Neutron Deficient Pb Isotopes and the Configuration-
Constrained Shell Correction Approach",
journal = "Z. Phys. A",
year = "1989",
volume = "334",
pages = "269"
}

%% other ----------------------------

@article{CDS84,
title = "Time-dependent Hartree-Fock-Bogoliubov description of the pairing interaction",
journal = "Nucl. Phys. A",
volume = "415",
number = "1",
pages = "70 - 92",
year = "1984",
issn = "0375-9474",
doi = "https://doi.org/10.1016/0375-9474(84)90600-6",
url = "http://www.sciencedirect.com/science/article/pii/0375947484906006",
author = "M.C. Cambiaggio and G.G. Dussel and M. Saraceno"
}

@article{SBBMR15,
  title = {Relativistic Coulomb Excitation within the Time Dependent Superfluid Local Density Approximation},
  author = {Stetcu, I. and Bertulani, C. A. and Bulgac, A. and Magierski, P. and Roche, K. J.},
  journal = {Phys. Rev. Lett.},
  volume = {114},
  issue = {1},
  pages = {012701},
  numpages = {5},
  year = {2015},
  month = {Jan},
  publisher = {American Physical Society},
  doi = {10.1103/PhysRevLett.114.012701},
  url = {http://link.aps.org/doi/10.1103/PhysRevLett.114.012701}
}

@article{SL13-1,
  title = {Effect of pairing on one- and two-nucleon transfer below the Coulomb barrier: A time-dependent microscopic description},
  author = {Scamps, Guillaume and Lacroix, Denis},
  journal = {Phys. Rev. C},
  volume = {87},
  issue = {1},
  pages = {014605},
  numpages = {11},
  year = {2013},
  month = {Jan},
  publisher = {American Physical Society},
  doi = {10.1103/PhysRevC.87.014605},
  url = {http://link.aps.org/doi/10.1103/PhysRevC.87.014605}
}

@article{SSL15,
  title = {Superfluid dynamics of $^{258}\mathrm{Fm}$ fission},
  author = {Scamps, Guillaume and Simenel, C\'edric and Lacroix, Denis},
  journal = {Phys. Rev. C},
  volume = {92},
  issue = {1},
  pages = {011602},
  numpages = {5},
  year = {2015},
  month = {Jul},
  publisher = {American Physical Society},
  doi = {10.1103/PhysRevC.92.011602},
  url = {http://link.aps.org/doi/10.1103/PhysRevC.92.011602}
}

@article{WSMBF16,
  title = {Vortex Pinning and Dynamics in the Neutron Star Crust},
  author = {Wlaz\l{}owski, Gabriel and Sekizawa, Kazuyuki and Magierski, Piotr and Bulgac, Aurel and Forbes, Michael McNeil},
  journal = {Phys. Rev. Lett.},
  volume = {117},
  issue = {23},
  pages = {232701},
  numpages = {6},
  year = {2016},
  month = {Nov},
  publisher = {American Physical Society},
  doi = {10.1103/PhysRevLett.117.232701},
  url = {https://link.aps.org/doi/10.1103/PhysRevLett.117.232701}
}

@article{MSW17,
  title = {Novel Role of Superfluidity in Low-Energy Nuclear Reactions},
  author = {Magierski, Piotr and Sekizawa, Kazuyuki and Wlaz\l{}owski, Gabriel},
  journal = {Phys. Rev. Lett.},
  volume = {119},
  issue = {4},
  pages = {042501},
  numpages = {6},
  year = {2017},
  month = {Jul},
  publisher = {American Physical Society},
  doi = {10.1103/PhysRevLett.119.042501},
  url = {https://link.aps.org/doi/10.1103/PhysRevLett.119.042501}
}

@article{HS17,
  title = {Transfer probabilities for the reactions $^{14,20}\mathrm{O}+^{20}\mathrm{O}$ in terms of multiple time-dependent Hartree-Fock-Bogoliubov trajectories},
  author = {Scamps, Guillaume and Hashimoto, Yukio},
  journal = {Phys. Rev. C},
  volume = {96},
  issue = {3},
  pages = {031602},
  numpages = {6},
  year = {2017},
  month = {Sep},
  publisher = {American Physical Society},
  doi = {10.1103/PhysRevC.96.031602},
  url = {https://link.aps.org/doi/10.1103/PhysRevC.96.031602}
}

@article{ENI14,
  title = {Systematic investigation of low-lying dipole modes using the canonical-basis time-dependent Hartree-Fock-Bogoliubov theory},
  author = {Ebata, Shuichiro and Nakatsukasa, Takashi and Inakura, Tsunenori},
  journal = {Phys. Rev. C},
  volume = {90},
  issue = {2},
  pages = {024303},
  numpages = {18},
  year = {2014},
  month = {Aug},
  publisher = {American Physical Society},
  doi = {10.1103/PhysRevC.90.024303},
  url = {http://link.aps.org/doi/10.1103/PhysRevC.90.024303}
}


@article{SBMR11,
  volume = {84},
  journal = {Phys. Rev. C},
  author = {Stetcu, I. and Bulgac, A. and Magierski, P. and Roche, K. J.},
  month = {Nov},
  url = {http://link.aps.org/doi/10.1103/PhysRevC.84.051309},
  doi = {10.1103/PhysRevC.84.051309},
  year = {2011},
  title = {Isovector giant dipole resonance from the 3D time-dependent density functional theory for superfluid nuclei},
  issue = {5},
  publisher = {American Physical Society},
  numpages = {5},
  pages = {051309}
}

@article{Has12,
year={2012},
issn={1434-6001},
journal={Eur. Phys. J. A},
volume={48},
doi={10.1140/epja/i2012-12055-0},
title={Linear responses in time-dependent Hartree-Fock-Bogoliubov method with Gogny interaction},
url={http://dx.doi.org/10.1140/epja/i2012-12055-0},
publisher={Springer-Verlag},
author={Hashimoto, Yukio},
pages={55},
language={English}
}

@Article{Eba10,
  title = {Canonical-basis time-dependent Hartree-Fock-Bogoliubov theory and linear-response calculations},
  author = {Ebata, Shuichiro  and Nakatsukasa, Takashi  and Inakura, Tsunenori  and Yoshida, Kenichi  and Hashimoto, Yukio  and Yabana, Kazuhiro },
  journal = {Phys. Rev. C},
  volume = {82},
  pages = {034306},
  numpages = {13},
  year = {2010},
  month = {Sep},
  doi = {10.1103/PhysRevC.82.034306},
  publisher = {American Physical Society}
}

@article{SL13-2,
  title = {Systematics of isovector and isoscalar giant quadrupole resonances in normal and superfluid spherical nuclei},
  author = {Scamps, Guillaume and Lacroix, Denis},
  journal = {Phys. Rev. C},
  volume = {88},
  issue = {4},
  pages = {044310},
  numpages = {13},
  year = {2013},
  month = {Oct},
  publisher = {American Physical Society},
  doi = {10.1103/PhysRevC.88.044310},
  url = {http://link.aps.org/doi/10.1103/PhysRevC.88.044310}
}

@Article{YG08,
  author = 	 {K. Yoshida and N. Van Giai},
  title = 	 {Deformed quasiparticle-random-phase approximation for neutron-rich nuclei using the Skyrme energy density functional},
  journal = 	 {Phys. Rev. C},
  year = 	 {2008},
  volume = 	 {78},
  pages = 	 {064316},
  numpages = {10},
}

@Article{Los10,
  title = {Linear response of light deformed nuclei investigated by self-consistent quasiparticle random-phase approximation},
  author = {Losa, C.  and Pastore, A.  and D\o{}ssing, T.  and Vigezzi, E.  and Broglia, R. A.},
  journal = {Phys. Rev. C},
  volume = {81},
  pages = {064307},
  numpages = {14},
  year = {2010},
  month = {Jun},
  doi = {10.1103/PhysRevC.81.064307},
  publisher = {American Physical Society}
}

@article{TE10,
  title = {Self-consistent Skyrme quasiparticle random-phase approximation for use in axially symmetric nuclei of arbitrary mass},
  month = {Sep},
  doi = {10.1103/PhysRevC.82.034326},
  author = {Terasaki, J. and Engel, J.},
  year = {2010},
  issue = {3},
  url = {http://link.aps.org/doi/10.1103/PhysRevC.82.034326},
  numpages = {6},
  journal = {Phys. Rev. C},
  publisher = {American Physical Society},
  pages = {034326},
  volume = {82}
}

@article{AKR09,
  title = {Isovector dipole strength in nuclei with extreme neutron excess},
  author = {Arteaga, D. Pe{\~n}a and Khan, E. and Ring, P.},
  journal = {Phys. Rev. C},
  volume = {79},
  issue = {3},
  pages = {034311},
  numpages = {10},
  year = {2009},
  month = {Mar},
  publisher = {American Physical Society},
  doi = {10.1103/PhysRevC.79.034311},
  url = {http://link.aps.org/doi/10.1103/PhysRevC.79.034311}
}

@article{PG08,
  title = {Role of deformation on giant resonances within the quasiparticle random-phase approximation and the Gogny force},
  author = {P\'eru, S. and Goutte, H.},
  journal = {Phys. Rev. C},
  volume = {77},
  issue = {4},
  pages = {044313},
  numpages = {11},
  year = {2008},
  month = {Apr},
  publisher = {American Physical Society},
  doi = {10.1103/PhysRevC.77.044313},
  url = {http://link.aps.org/doi/10.1103/PhysRevC.77.044313}
}

@Article{YN11,
  title = {Dipole responses in Nd and Sm isotopes with shape transitions},
  author = {Yoshida, Kenichi  and Nakatsukasa, Takashi },
  journal = {Phys. Rev. C},
  volume = {83},
  pages = {021304},
  numpages = {5},
  year = {2011},
  month = {Feb},
  doi = {10.1103/PhysRevC.83.021304},
  publisher = {American Physical Society}
}

@article{YN13,
  title = {Shape evolution of giant resonances in Nd and Sm isotopes},
  author = {Yoshida, Kenichi and Nakatsukasa, Takashi},
  journal = {Phys. Rev. C},
  volume = {88},
  issue = {3},
  pages = {034309},
  numpages = {15},
  year = {2013},
  month = {Sep},
  doi = {10.1103/PhysRevC.88.034309},
  url = {http://link.aps.org/doi/10.1103/PhysRevC.88.034309},
  publisher = {American Physical Society}
}

@article{S12,
author = "C\'{e}dric Simenel",
title = "Nuclear quantum many-body dynamics",
journal = "Eur. Phys. J. A",
year = "2012",
volume = "48",
pages = "152"
}

@article{Nes06,
  title = {Self-consistent separable random-phase approximation for Skyrme forces: Giant resonances in axial nuclei},
  author = {Nesterenko, V. O. and Kleinig, W. and Kvasil, J. and Vesely, P. and Reinhard, P.-G. and Dolci, D. S.},
  journal = {Phys. Rev. C},
  volume = {74},
  issue = {6},
  pages = {064306},
  numpages = {13},
  year = {2006},
  month = {Dec},
  publisher = {American Physical Society},
  doi = {10.1103/PhysRevC.74.064306},
  url = {http://link.aps.org/doi/10.1103/PhysRevC.74.064306}
}

@article{NN18,
  title = {Comparative study of the requantization of the time-dependent mean field for the dynamics of nuclear pairing},
  author = {Ni, Fang and Nakatsukasa, Takashi},
  journal = {Phys. Rev. C},
  volume = {97},
  pages = {044310},
  numpages = {15},
  year = {2018},
  month = {Apr},
  publisher = {American Physical Society},
  doi = {10.1103/PhysRevC.97.044310},
  url = {https://link.aps.org/doi/10.1103/PhysRevC.97.044310}
}
@article{WN17,
  title = {Adiabatic self-consistent collective path in nuclear fusion reactions},
  author = {Wen, Kai and Nakatsukasa, Takashi},
  journal = {Phys. Rev. C},
  volume = {96},
  issue = {1},
  pages = {014610},
  numpages = {10},
  year = {2017},
  month = {Jul},
  publisher = {American Physical Society},
  doi = {10.1103/PhysRevC.96.014610},
  url = {https://link.aps.org/doi/10.1103/PhysRevC.96.014610}
}
@Article{HW53,
  author =       {D.~L. Hill and J.~A. Wheeler},
  title =        {Nuclear constitution and the interpretation of
                  fission phenomena},
  journal =      {Phys. Rev.},
  year =         {1953},
  volume =       {89},
  pages =        {1102-1145},
}
@article{KB67,
title = "Complete numerical solution of Bohr's collective Hamiltonian",
journal = "Nuclear Physics A",
volume = "92",
number = "3",
pages = "608 - 652",
year = "1967",
issn = "0375-9474",
doi = "https://doi.org/10.1016/0375-9474(67)90636-7",
url = "http://www.sciencedirect.com/science/article/pii/0375947467906367",
author = "Krishna Kumar and Michel Baranger"
}
@article{Bar11,
  title = {Quadrupole collective inertia in nuclear fission: Cranking approximation},
  author = {Baran, A. and Sheikh, J. A. and Dobaczewski, J. and Nazarewicz, W. and Staszczak, A.},
  journal = {Phys. Rev. C},
  volume = {84},
  issue = {5},
  pages = {054321},
  numpages = {9},
  year = {2011},
  month = {Nov},
  doi = {10.1103/PhysRevC.84.054321},
  url = {http://link.aps.org/doi/10.1103/PhysRevC.84.054321},
  publisher = {American Physical Society}
}
@article{Del10,
  title = {Structure of even-even nuclei using a mapped collective Hamiltonian and the D1S Gogny interaction},
  author = {Delaroche, J. -P. and Girod, M. and Libert, J. and Goutte, H. and Hilaire, S. and P\'eru, S. and Pillet, N. and Bertsch, G. F.},
  journal = {Phys. Rev. C},
  volume = {81},
  issue = {1},
  pages = {014303},
  numpages = {23},
  year = {2010},
  month = {Jan},
  publisher = {American Physical Society},
  doi = {10.1103/PhysRevC.81.014303},
  url = {https://link.aps.org/doi/10.1103/PhysRevC.81.014303}
}
@article{PR09,
  author={L Pr{\'o}chniak and S G Rohozi{\'n}ski},
  title={Quadrupole collective states within the Bohr collective Hamiltonian},
  journal={Journal of Physics G: Nuclear and Particle Physics},
  volume={36},
  number={12},
  pages={123101},
  url={http://stacks.iop.org/0954-3899/36/i=12/a=123101},
  year={2009},
}
@Article{HSNMM10,
  title = {Microscopic description of large-amplitude shape-mixing dynamics with inertial functions derived in local quasiparticle random-phase approximation},
  author = {Hinohara, Nobuo  and Sato, Koichi  and Nakatsukasa, Takashi  and Matsuo, Masayuki  and Matsuyanagi, Kenichi },
  journal = {Phys. Rev. C},
  volume = {82},
  pages = {064313},
  numpages = {16},
  year = {2010},
  month = {Dec},
  doi = {10.1103/PhysRevC.82.064313},
  publisher = {American Physical Society}
}
@article{Fu13,
  title = {Beyond relativistic mean-field studies of low-lying states in neutron-deficient krypton isotopes},
  author = {Fu, Y. and Mei, H. and Xiang, J. and Li, Z. P. and Yao, J. M. and Meng, J.},
  journal = {Phys. Rev. C},
  volume = {87},
  issue = {5},
  pages = {054305},
  numpages = {9},
  year = {2013},
  month = {May},
  publisher = {American Physical Society},
  doi = {10.1103/PhysRevC.87.054305},
  url = {https://link.aps.org/doi/10.1103/PhysRevC.87.054305}
}
@misc{Sat18,
Author = {Koichi Sato},
Title = {Adiabatic approach to large-amplitude collective motion with the higher-order collective-coordinate operator},
Year = {2018},
Eprint = {arXiv:1808.08077},
}

